<?xml version="1.0" encoding="UTF-8"?><collection xmlns="http://www.loc.gov/MARC21/slim"><record><leader>00380nam--2200121-i-4500</leader><controlfield tag="001">000042496</controlfield><controlfield tag="002">20161230</controlfield><controlfield tag="005">20161230201043</controlfield><controlfield tag="008">060222s1000------------r-----000-0-eng-d</controlfield><datafield ind1=" " ind2=" " tag="100"><subfield code="a">Spirin,A.A., Salam-zade,M.M., Vecihaiser,G.V</subfield></datafield><datafield ind1=" " ind2=" " tag="245"><subfield code="a">Indreptar pentru lucrarile de laborator din tehnica tensiunilor inalte</subfield></datafield><datafield ind1=" " ind2=" " tag="260"><subfield code="a">Bucuresti, Ed.Energetica De Stat, 1954. 155 P</subfield></datafield><datafield ind1=" " ind2=" " tag="852"><subfield code="a">3791</subfield></datafield></record></collection>